<?xml version="1.0" encoding="UTF-8"?><collection xmlns="http://www.loc.gov/MARC21/slim"><record><leader>00423nam--2200157-i-4500</leader><controlfield tag="001">000047544</controlfield><controlfield tag="002">20161230</controlfield><controlfield tag="005">20170122212029</controlfield><controlfield tag="008">060222s1000------------r-----000-0-eng-d</controlfield><datafield ind1=" " ind2=" " tag="100"><subfield code="a">Woodruff, L. F</subfield></datafield><datafield ind1=" " ind2=" " tag="245"><subfield code="a">Principles of electronic power transmission</subfield></datafield><datafield ind1=" " ind2=" " tag="250"><subfield code="a">second edition</subfield></datafield><datafield ind1=" " ind2=" " tag="260"><subfield code="a">New York</subfield><subfield code="b">John Wiley &amp; Sons</subfield><subfield code="c">1950</subfield></datafield><datafield ind1=" " ind2=" " tag="300"><subfield code="a">1 F. + VII + 257 p. + 7 Tab</subfield></datafield><datafield ind1=" " ind2=" " tag="852"><subfield code="a">951</subfield></datafield><datafield ind1=" " ind2=" " tag="CAT"><subfield code="a">SYS</subfield><subfield code="c">20170122</subfield><subfield code="h">212029</subfield></datafield></record></collection>